<?xml version="1.0" encoding="UTF-8"?><record xmlns="http://www.loc.gov/MARC21/slim" xmlns:cinclude="http://apache.org/cocoon/include/1.0" xmlns:zs="http://www.loc.gov/zing/srw/">
  <leader>00386cz  a2200121n  4500</leader>
  <controlfield tag="001">n  89605220 </controlfield>
  <controlfield tag="003">DLC</controlfield>
  <controlfield tag="005">19890202134119.4</controlfield>
  <controlfield tag="008">890201n| acannaab|          |n aad |||  </controlfield>
  <datafield tag="010" ind1=" " ind2=" ">
    <subfield code="a">n  89605220 </subfield>
  </datafield>
  <datafield tag="040" ind1=" " ind2=" ">
    <subfield code="a">DLC</subfield>
    <subfield code="c">DLC</subfield>
    <subfield code="d">DLC</subfield>
  </datafield>
  <datafield tag="100" ind1="1" ind2="0">
    <subfield code="a">Jenset, Olav</subfield>
  </datafield>
  <datafield tag="670" ind1=" " ind2=" ">
    <subfield code="a">nuc89-8430: Orvik, A.V. Skikkar og levesett fraĚ eldre tider i Midsund, 1980</subfield>
    <subfield code="b">(hdg. on NdU rept.: Jenset, Olav; usage: Olav Jenset)</subfield>
  </datafield>
</record>